@book{COD,
title = "Computer Organization and Design: The Hardware/Software Interface (Fifth Edition)",
author = "David A. Patterson and John L. Hennessy",
publisher = "Elsevier (Singapore) Pte Ltd.",
year = "2014"
}

@book{COD2,
title = "高校教材 \ 计算机组成原理",
author = "张钧良",
publisher = "清华大学出版社 \ 北方交通大学出版社",
year = "2003"
}


@Article{ARM,
author = {SHI Jing and WANG Yi-huai and SU Yong and SHEN Chen},
journal = "Computer Science",
title = "Analysis of MQX Interrupt Mechanism and Design of Interrupt Program Frame Based on ARM Cortex-M4",
year = {2013},
volume = {40},
pages = {43},
}